@misc{waveguide,
	author = "RF Cafe",
	title = "Rectangular \& Circular Waveguide: Equations, Fields, \& fco Calculator",
	year = "2015",
	howpublished = "\url{http://www.rfcafe.com/references/electrical/waveguide.htm}"
}
@misc{can:lambdag,
author = "University of Oklahoma Department of Physics and Astronomy",
title = "Circular Waveguide",
year = "2015",
howpublished = "\url{http://www.nhn.ou.edu/~johnson/Education/Juniorlab/Microwave/CylindricalWaveguide.pdf}"
}

