@misc{wiki:dsss,
	author = "Wikipedia",
	title = "Direct-sequence spread spectrum",
	year = "2015",
	howpublished = "\url{http://en.wikipedia.org/wiki/Direct-sequence_spread_spectrum}"
}

@ARTICLE{power, 
	author={Dillard, R.A.}, 
	journal={Aerospace and Electronic Systems, IEEE Transactions on}, 
	title={Detectability of Spread-Spectrum Signals}, 
	year={1979}, 
	volume={AES-15}, 
	number={4}, 
	pages={526-537}, 
	keywords={Bandwidth;Filters;Frequency;Radiometers;Random sequences;Signal design;Signal detection;Signal generators;Signal to noise ratio;Spread spectrum communication}, 
	doi={10.1109/TAES.1979.308737}, 
	ISSN={0018-9251}, 
	month={July},}
