@misc{aircrack,
author = "Aircrack-ng",
title = "Aircrack-ng reference manual",
year = "2015",
howpublished = "\url{http://www.aircrack-ng.org}"
}
@misc{wep,
	author = "Techwriters Future",
	title = "WEP - Wired Equivalent Privacy",
	year = "2015",
	howpublished = "\url{http://ipv6.com/articles/wireless/Wired-Equivalent-Privacy.htm}"
}
