@misc{dd_manpage,
author = "John Doe",
title = "dd(1) - Linux man page",
month = "Septemper",
year = "2012",
howpublished = "\url{http://linux.die.net/man/1/dd}"
}

@misc{iwconfig:man,
author = "Linux Manual",
title = "iwconfig - Linux man page",
year = "2015",
howpublished = "\url{http://linux.die.net/man/8/iwconfig}"
}
@misc{wireshark:man,
author = "The Wireshark team",
title = "Wireshark Manual",
year = "2015",
howpublished = "\url{http://wiki.wireshark.org/CaptureSetup/wlan}"
}